<record><leader>01108cam a2200265 a 4500</leader><controlfield tag="001">1319465</controlfield><controlfield tag="008">900913s1985    oru               0 eng c</controlfield><datafield ind1=" " ind2=" " tag="035"><subfield code="a">ocm13058033</subfield></datafield><datafield ind1=" " ind2=" " tag="040"><subfield code="b">eng</subfield></datafield><datafield ind1=" " ind2=" " tag="049"><subfield code="a">AEU</subfield><subfield code="b">eng</subfield></datafield><datafield ind1=" " ind2="4" tag="050"><subfield code="a">HD9750.5</subfield><subfield code="b">.S84 no. 25</subfield></datafield><datafield ind1="0" ind2=" " tag="090"><subfield code="a">HF 5686 F62 B412 1985</subfield></datafield><datafield ind1="1" ind2=" " tag="100"><subfield code="a">Bedient, Patricia M.</subfield></datafield><datafield ind1="1" ind2="0" tag="245"><subfield code="a">Unique financial reporting considerations for readers of forest products companies financial statements /</subfield><subfield code="c">by Patricia M. Bedient.</subfield></datafield><datafield ind1=" " ind2=" " tag="260"><subfield code="a">Corvallis, Or. :</subfield><subfield code="b">School of Business, Oregon State University,</subfield><subfield code="c">[1985]</subfield></datafield><datafield ind1=" " ind2=" " tag="300"><subfield code="a">12 p. ;</subfield><subfield code="c">28 cm.</subfield></datafield><datafield ind1=" " ind2=" " tag="336"><subfield code="a">text</subfield><subfield code="b">txt</subfield><subfield code="2">rdacontent</subfield></datafield><datafield ind1=" " ind2=" " tag="337"><subfield code="a">unmediated</subfield><subfield code="b">n</subfield><subfield code="2">rdamedia</subfield></datafield><datafield ind1=" " ind2=" " tag="338"><subfield code="a">volume</subfield><subfield code="b">nc</subfield><subfield code="2">rdacarrier</subfield></datafield><datafield ind1="1" ind2=" " tag="490"><subfield code="a">Studies in management and accounting for the forest products industries.</subfield></datafield><datafield ind1=" " ind2=" " tag="596"><subfield code="a">38</subfield></datafield><datafield ind1=" " ind2="0" tag="650"><subfield code="a">Forest products industry</subfield><subfield code="x">Accounting.</subfield></datafield><datafield ind1="2" ind2=" " tag="710"><subfield code="a">Oregon State University.</subfield><subfield code="b">School of Business.</subfield></datafield><datafield ind1=" " ind2="0" tag="830"><subfield code="a">Studies in management and accounting for the forest products industries.</subfield></datafield><datafield ind1=" " ind2=" " tag="926"><subfield code="a">HF 5686 F62 B412 1985</subfield><subfield code="w">LC</subfield><subfield code="c">1</subfield><subfield code="i">000034257220</subfield><subfield code="l">ON_SHELF</subfield><subfield code="m">UABARD</subfield><subfield code="p">$150.00</subfield><subfield code="r">Y</subfield><subfield code="s">Y</subfield><subfield code="t">BOOK</subfield><subfield code="u">10/4/1990</subfield><subfield code="o">.STAFF. B0037893</subfield></datafield></record>